@book{SnapManual,
  author    = {Brian Harvey and Jens Monig}, 
  title     = {SNAP! Reference Manual},
  howpublished = {\url{https://snap.berkeley.edu/SnapManual.pdf}},
  edition   = 1,
  pages     = {109}
}

@misc{ScratchWiki,
  author       = {Scratchers}, 
  title        = {Scratch Wiki},
  howpublished = {https://en.scratch-wiki.info/wiki/},
  month        = 12,
  year         = 2008
}

@article{DBLP:journals/chb/Perez-MarinHBP20,
  author    = {Diana P{\'{e}}rez{-}Mar{\'{\i}}n and
               Raquel Hij{\'{o}}n{-}Neira and
               Adri{\'{a}}n Bacelo and
               Celeste Pizarro},
  title     = {Can computational thinking be improved by using a methodology based
               on metaphors and scratch to teach computer programming to children?},
  journal   = {Comput. Hum. Behav.},
  volume    = {105},
  pages     = {105849},
  year      = {2020},
  url       = {https://doi.org/10.1016/j.chb.2018.12.027},
  doi       = {10.1016/j.chb.2018.12.027},
  timestamp = {Thu, 12 Mar 2020 09:35:03 +0100},
  biburl    = {https://dblp.org/rec/journals/chb/Perez-MarinHBP20.bib},
  bibsource = {dblp computer science bibliography, https://dblp.org}
}

@article{DBLP:journals/bjet/Dohn20,
  author    = {Niels Bonderup Dohn},
  title     = {Students' interest in Scratch coding in lower secondary mathematics},
  journal   = {{BJET}},
  volume    = {51},
  number    = {1},
  pages     = {71--83},
  year      = {2020},
  url       = {https://doi.org/10.1111/bjet.12759},
  doi       = {10.1111/bjet.12759},
  timestamp = {Tue, 03 Mar 2020 09:38:59 +0100},
  biburl    = {https://dblp.org/rec/journals/bjet/Dohn20.bib},
  bibsource = {dblp computer science bibliography, https://dblp.org}
}





